<?xml version="1.0" encoding="UTF-8"?><collection xmlns="http://www.loc.gov/MARC21/slim"><record><leader>00432nam--2200169-u-4500</leader><controlfield tag="001">000052422</controlfield><controlfield tag="002">20161230</controlfield><controlfield tag="005">20161230201050</controlfield><controlfield tag="008">100708s1000------------r-----000-0-eng-d</controlfield><datafield ind1=" " ind2=" " tag="040"><subfield code="a">IFIN-HH</subfield></datafield><datafield ind1=" " ind2=" " tag="080"><subfield code="a">531.19</subfield></datafield><datafield ind1="1" ind2=" " tag="100"><subfield code="a">Guggenheim, E. A</subfield></datafield><datafield ind1="1" ind2="0" tag="245"><subfield code="a">Applications of Statistical Mechanics</subfield><subfield code="c">E.A. Guggenheim</subfield></datafield><datafield ind1=" " ind2=" " tag="260"><subfield code="a">Oxford</subfield><subfield code="b">Calderon Press</subfield><subfield code="c">1966</subfield></datafield><datafield ind1=" " ind2=" " tag="300"><subfield code="a">211 p</subfield></datafield><datafield ind1=" " ind2=" " tag="852"><subfield code="a">76795</subfield><subfield code="c">531</subfield></datafield><datafield ind1=" " ind2=" " tag="CAT"><subfield code="a">Sys</subfield><subfield code="c">20100708</subfield><subfield code="h">123535</subfield></datafield></record></collection>